@misc{about_statnett,

  author = {Statnett},

  title = {About Statnett},

  year = {2023},

  url = {https://www.statnett.no/en/about-statnett/}

}